@misc{stacks-project,
  author       = {The {Stacks project authors}},
  title        = {The Stacks project},
  howpublished = {\url{https://stacks.math.columbia.edu}},
  year         = {2023},
}

@misc{Vistoli,
      title={Notes on Grothendieck topologies, fibered categories and descent theory}, 
      author={Angelo Vistoli},
      year={2007},
      eprint={math/0412512},
      archivePrefix={arXiv},
      primaryClass={math.AG}
}

@Book{Olsson,
 Author = {Olsson, Martin},
 Title = {Algebraic spaces and stacks},
 FSeries = {Colloquium Publications. American Mathematical Society},
 Series = {Colloq. Publ., Am. Math. Soc.},
 ISSN = {0065-9258},
 Volume = {62},
 ISBN = {978-1-4704-2798-6; 978-1-4704-2865-5},
 Year = {2016},
 Publisher = {Providence, RI: American Mathematical Society (AMS)},
 Language = {English},
 Keywords = {14-02,14A20,14D23,14F20,14F05,14D22,14H10,14D20,18D30},
 zbMATH = {6561920},
 Zbl = {1346.14001}
}

@Book{LaumonMoret-Bailly,
 Author = {Laumon, G{\'e}rard and Moret-Bailly, Laurent},
 Title = {Champs alg{\'e}briques},
 FSeries = {Ergebnisse der Mathematik und ihrer Grenzgebiete. 3. Folge},
 Series = {Ergeb. Math. Grenzgeb., 3. Folge},
 ISSN = {0071-1136},
 Volume = {39},
 ISBN = {3-540-65761-4},
 Year = {2000},
 Publisher = {Berlin: Springer},
 Language = {French},
 Keywords = {14D15,14D22,14-02,14F20},
 zbMATH = {1391023},
 Zbl = {0945.14005}
}

@Article{EGAItoIII,
 Author = {Grothendieck, A.},
 Title = {{\'E}l{\'e}ments de g{\'e}om{\'e}trie alg{\'e}brique. {I}: {Le} langage des sch{\'e}mas. {II}: {\'E}tude globale {\'e}l{\'e}mentaire de quelques classe de morphismes. {III}: {\'E}tude cohomologique des faisceaux coh{\'e}rents (premi{\`e}re partie)},
 FJournal = {Publications Math{\'e}matiques},
 Journal = {Publ. Math., Inst. Hautes {\'E}tud. Sci.},
 ISSN = {0073-8301},
 Volume = {4},
 Pages = {1--228},
 Year = {1960},
 Language = {French},
 DOI = {10.1007/BF02684273},
 Keywords = {14-02,14Axx,14Fxx},
 zbMATH = {3193326},
 Zbl = {0118.36206}
}

@Article{EGAIVpt1,
 Author = {Grothendieck, A.},
 Title = {{\'E}l{\'e}ments de g{\'e}om{\'e}trie alg{\'e}brique. {IV}: {\'E}tude locale des sch{\'e}mas et des morphismes de sch{\'e}mas. ({Premi{\`e}re} partie). {R{\'e}dig{\'e}} avec la colloboration de {J}. {Dieudonn{\'e}}},
 FJournal = {Publications Math{\'e}matiques},
 Journal = {Publ. Math., Inst. Hautes {\'E}tud. Sci.},
 ISSN = {0073-8301},
 Volume = {20},
 Pages = {101--355},
 Year = {1964},
 Language = {French},
 DOI = {10.1007/BF02684747},
 Keywords = {14-02,14Axx},
 zbMATH = {3220890},
 Zbl = {0136.15901}
}

@Article{EGAIVpt2,
 Author = {Grothendieck, A.},
 Title = {{\'E}l{\'e}ments de g{\'e}om{\'e}trie alg{\'e}brique. {IV}: {\'E}tude locale des sch{\'e}mas et des morphismes de sch{\'e}mas. ({S{\'e}conde} partie)},
 FJournal = {Publications Math{\'e}matiques},
 Journal = {Publ. Math., Inst. Hautes {\'E}tud. Sci.},
 ISSN = {0073-8301},
 Volume = {24},
 Pages = {1--231},
 Year = {1965},
 Language = {French},
 Keywords = {14-02,14Axx},
 zbMATH = {3220095},
 Zbl = {0135.39701}
}

@Article{EGAIVpt3,
 Author = {Grothendieck, A.},
 Title = {{\'E}l{\'e}ments de g{\'e}om{\'e}trie alg{\'e}brique. {IV}: {\'E}tude locale des sch{\'e}mas et des morphismes de sch{\'e}mas. ({Troisi{\`e}me} partie). {R{\'e}dig{\'e}} avec la colloboration de {J}. {Dieudonn{\'e}}},
 FJournal = {Publications Math{\'e}matiques},
 Journal = {Publ. Math., Inst. Hautes {\'E}tud. Sci.},
 ISSN = {0073-8301},
 Volume = {28},
 Pages = {1--255},
 Year = {1966},
 Language = {French},
 DOI = {10.1007/BF02684343},
 Keywords = {14-02,14Axx},
 zbMATH = {3232548},
 Zbl = {0144.19904}
}

@Article{EGAIVpt4,
 Author = {Grothendieck, A.},
 Title = {{\'E}l{\'e}ments de g{\'e}om{\'e}trie alg{\'e}brique. {IV}: {\'E}tude locale des sch{\'e}mas et des morphismes de sch{\'e}mas ({Quatri{\`e}me} partie). {R{\'e}dig{\'e}} avec la colloboration de {J}. {Dieudonn{\'e}}},
 FJournal = {Publications Math{\'e}matiques},
 Journal = {Publ. Math., Inst. Hautes {\'E}tud. Sci.},
 ISSN = {0073-8301},
 Volume = {32},
 Pages = {1--361},
 Year = {1967},
 Language = {French},
 Keywords = {14-02,14Axx,14Fxx},
 zbMATH = {3245973},
 Zbl = {0153.22301}
}

@Article{NeemanGDStacks,
 Author = {Neeman, Amnon},
 Title = {An improvement on the base-change theorem and the functor {{\(f^!\)}}},
 FJournal = {Bulletin of the Iranian Mathematical Society},
 Journal = {Bull. Iran. Math. Soc.},
 ISSN = {1017-060X},
 Volume = {49},
 Number = {3},
 Pages = {163},
 Note = {Id/No 25},
 Year = {2023},
 Language = {English},
 DOI = {10.1007/s41980-023-00768-6},
 Keywords = {14F05,13D09,18G10},
 zbMATH = {7700381}
}

@Book{Yekutieli,
 Author = {Yekutieli, Amnon},
 Title = {Derived categories},
 FSeries = {Cambridge Studies in Advanced Mathematics},
 Series = {Camb. Stud. Adv. Math.},
 Volume = {183},
 ISBN = {978-1-108-41933-8; 978-1-108-29282-5},
 Year = {2020},
 Publisher = {Cambridge: Cambridge University Press},
 Language = {English},
 DOI = {10.1017/9781108292825},
 Keywords = {18-01,18G80},
 zbMATH = {7143955},
 Zbl = {1444.18001}
}

@Book{CategoryThyInContext,
 Author = {Riehl, Emily},
 Title = {Category theory in context},
 ISBN = {978-0-486-80903-8},
 Year = {2016},
 Publisher = {Mineola, NY: Dover Publications},
 Language = {English},
 Keywords = {18-01,18A05,18A15,01A75},
 zbMATH = {6649061},
 Zbl = {1348.18001}
}